<record><leader>00000cas a22000007a 4500</leader><controlfield tag="001">12242138</controlfield><controlfield tag="008">850708d18691872aluwr ne      0    0eng d</controlfield><datafield ind1=" " ind2=" " tag="010"><subfield code="a">sn 85044737 </subfield></datafield><datafield ind1=" " ind2=" " tag="040"><subfield code="a">CPN</subfield><subfield code="b">eng</subfield><subfield code="c">CPN</subfield><subfield code="d">NLG</subfield><subfield code="d">AAR</subfield><subfield code="d">OCLCQ</subfield></datafield><datafield ind1=" " ind2=" " tag="042"><subfield code="a">msc</subfield></datafield><datafield ind1="0" ind2="0" tag="245"><subfield code="a">Bluff city times.</subfield></datafield><datafield ind1=" " ind2=" " tag="260"><subfield code="a">Eufaula, Ala. :</subfield><subfield code="b">J.M. Macon,</subfield><subfield code="c">1869-1872.</subfield></datafield><datafield ind1=" " ind2=" " tag="300"><subfield code="a">3 v. :</subfield><subfield code="b">ill. (chiefly advertisements) ;</subfield><subfield code="c">59 cm.</subfield></datafield><datafield ind1=" " ind2=" " tag="310"><subfield code="a">Weekly</subfield></datafield><datafield ind1="0" ind2=" " tag="362"><subfield code="a">Vol. 1, no. 1 (Apr. 15, 1869)-v. 3, no. 52 (Apr. 18, 1872).</subfield></datafield><datafield ind1=" " ind2=" " tag="752"><subfield code="a">United States</subfield><subfield code="b">Alabama</subfield><subfield code="c">Barbour</subfield><subfield code="d">Eufaula.</subfield></datafield><datafield ind1="0" ind2="0" tag="780"><subfield code="t">Clayton banner</subfield><subfield code="w">(DLC)sn 85044736</subfield></datafield><datafield ind1="0" ind2="0" tag="785"><subfield code="t">Eufaula daily times</subfield><subfield code="w">(DLC)sn 85033061</subfield></datafield><datafield ind1="0" ind2="0" tag="785"><subfield code="t">Eufaula weekly times</subfield><subfield code="w">(DLC)sn 84023478</subfield></datafield></record>